@misc{
    genius_2000, 
    title={Investopedia}, 
    howpublished="\url{https://www.investopedia.com/}",
    journal={Investopedia}, 
    publisher={Investopedia}, 
    author={Genius, Financial}, 
    year={2000}, 
    month={Jan}
}
