@article{einstein,
  author =       "Albert Einstein",
  title =        "{Zur Elektrodynamik bewegter K{\"o}rper}. ({German})
                 [{On} the electrodynamics of moving bodies]",
  journal =      "Annalen der Physik",
  volume =       "322",
  number =       "10",
  pages =        "891--921",
  year =         "1905",
  DOI =          "http://dx.doi.org/10.1002/andp.19053221004"
}

@book{latexcompanion,
    author    = "Michel Goossens and Frank Mittelbach and Alexander Samarin",
    title     = "The \LaTeX\ Companion",
    year      = "1993",
    publisher = "Addison-Wesley",
    address   = "Reading, Massachusetts"
}
 
@misc{listofbacktesters,
    author    = "Quantpedia",
    title     = "A comprehensive list of tools for quantitative traders",
    note       =  "\url{https://quantpedia.com/links-tools/?category=historical-data}"
}

@misc{portfoliovis,
    author    = "Portfolio Visualizer",
    note       =  "\url{https://www.portfoliovisualizer.com/backtest-portfolio}"
}
@misc{backtestcurvo,
    author    = "Backtest Curvo",
    note       =  "\url{https://backtest.curvo.eu/}"
}
@misc{etfreplay,
    author    = "ETFReplayr",
    note       =  "\url{https://www.etfreplay.com/combine.aspx}"
}
@misc{stockbacktest,
    author    = "Stockbacktest",
    note       =  "\url{http://www.stockbacktest.com/}"
}
